% This file was created with JabRef 2.6.
% Encoding: Cp1252

\usepackage{url}

@book{shelby2010,
  Author = {Zach Shelby and Carsten Bormann},
  Title = {6LoWPAN: The Wireless Embedded Internet (Wiley Series on Communications Networking \& Distributed Systems)},
  Publisher = {Wiley},
  Year = {2010},
  ISBN = {0470747994}
}

@book{9780521760690,
  Author = {Nick Hunn},
  Title = {Essentials of Short-Range Wireless (The Cambridge Wireless Essentials Series)},
  Publisher = {Cambridge University Press},
  Year = {2010},
  ISBN = {0521760690}
}

@BOOK{bentley:1999,
  title = {{P}rogramming {P}earls},
  publisher = {Addison--Wesley},
  year = {1999},
  author = {Jon Bentley},
  address = {Boston, MA, USA},
  edition = {2nd}
}

@BOOK{bringhurst:2002,
  title = {{T}he {E}lements of {T}ypographic {S}tyle},
  publisher = {Hartley \& Marks Publishers},
  year = {2008},
  author = {Robert Bringhurst},
  series = {Version 3.2},
  address = {Point Roberts, WA, USA}
}

@BOOK{cormen:2001,
  title = {{I}ntroduction to {A}lgorithms},
  publisher = {The MIT Press},
  year = {2001},
  author = {Cormen, Thomas H. and Leiserson, Charles E. and Rivest, Ronald L.
	and Clifford Stein},
  address = {Cambridge, MA, USA},
  edition = {2nd}
}

@BOOK{dueck:trio,
  title = {{D}ueck's {T}rilogie: {O}mnisophie -- {S}upramanie -- {T}opothesie},
  publisher = {Springer, Berlin},
  year = {2005},
  author = {Gunter Dueck},
  note = {\url{http://www.omnisophie.com}}
}

@ARTICLE{knuth:1976,
  author = {Knuth, Donald E.},
  title = {{B}ig {O}micron and {B}ig {O}mega and {B}ig {T}heta},
  journal = {SIGACT News},
  year = {1976},
  volume = {8},
  pages = {18--24},
  number = {2},
  month = {April/June},
  address = {New York, NY, USA},
  publisher = {ACM Press}
}

@ARTICLE{knuth:1974,
  author = {Knuth, Donald E.},
  title = {{C}omputer {P}rogramming as an {A}rt},
  journal = {Communications of the ACM},
  year = {1974},
  volume = {17},
  pages = {667--673},
  number = {12},
  month = {December },
  address = {New York, NY, USA},
  publisher = {ACM Press}
}

@BOOK{sommerville:1992,
  title = {{S}oftware {E}ngineering},
  publisher = {Addison-Wesley},
  year = {1992},
  author = {Ian Sommerville},
  address = {Boston, MA, USA},
  edition = {4th}
}

@ARTICLE{AN3206,
  author = {{ST Microelectronics}},
  title = {{AN3206} : {PCB} Design guidelines for the {STM32W108} platform},
  journal = {Application Note},
  year = {2011}
}

@ARTICLE{AN3359,
  author = {{ST Microelectronics}},
  title = {{AN3359} : Low cost {PCB} antenna for 2.4~{Ghz} radio : Meander design},
  journal = {Application Note},
  year = {2011}
}

@MISC{DropoutGuide,
  title = {The Dropout's Guide to {PCB} Trace Antenna Design},
  note = {\url{http://colinkarpfinger.com/
    blog/2010/the-dropouts-guide-to-antenna-design/}}
}


